<?xml version="1.0" encoding="UTF-8" ?><marc:collection xmlns:marc="http://www.loc.gov/MARC21/slim" xmlns:xsi="http://www.w3.org/2001/XMLSchema-instance" xsi:schemaLocation="http://www.loc.gov/MARC21/slim http://www.loc.gov/standards/marcxml/schema/MARC21slim.xsd">
<marc:record><marc:leader>05784cas a2200949 a 4500</marc:leader>
<marc:controlfield tag="001">ocm01768474 </marc:controlfield>
<marc:controlfield tag="003">OCoLC</marc:controlfield><marc:controlfield tag="005">20231226083529.0</marc:controlfield><marc:controlfield tag="008">751101c19379999dcuar    l   f0   a0eng c</marc:controlfield><marc:datafield tag="010" ind1=" " ind2=" "><marc:subfield code="a">   07035353 </marc:subfield><marc:subfield code="z">sc 79003701 </marc:subfield></marc:datafield><marc:datafield tag="040" ind1=" " ind2=" "><marc:subfield code="a">MUL</marc:subfield><marc:subfield code="b">eng</marc:subfield><marc:subfield code="c">MUL</marc:subfield><marc:subfield code="d">COO</marc:subfield><marc:subfield code="d">NSD</marc:subfield><marc:subfield code="d">OCL</marc:subfield><marc:subfield code="d">DLC</marc:subfield><marc:subfield code="d">OCL</marc:subfield><marc:subfield code="d">GPO</marc:subfield><marc:subfield code="d">NST</marc:subfield><marc:subfield code="d">RCS</marc:subfield><marc:subfield code="d">GPO</marc:subfield><marc:subfield code="d">OCL</marc:subfield><marc:subfield code="d">HUL</marc:subfield><marc:subfield code="d">OCL</marc:subfield><marc:subfield code="d">NSD</marc:subfield><marc:subfield code="d">GPO</marc:subfield><marc:subfield code="d">NST</marc:subfield><marc:subfield code="d">GPO</marc:subfield><marc:subfield code="d">NYG</marc:subfield><marc:subfield code="d">GPO</marc:subfield><marc:subfield code="d">NST</marc:subfield><marc:subfield code="d">GPO</marc:subfield><marc:subfield code="d">DLC</marc:subfield><marc:subfield code="d">HVL</marc:subfield><marc:subfield code="d">DLC</marc:subfield><marc:subfield code="d">GPO</marc:subfield><marc:subfield code="d">SYS</marc:subfield><marc:subfield code="d">NLM</marc:subfield><marc:subfield code="d">MUQ</marc:subfield><marc:subfield code="d">GPO</marc:subfield><marc:subfield code="d">SLU</marc:subfield><marc:subfield code="d">GPO</marc:subfield><marc:subfield code="d">OCLCQ</marc:subfield><marc:subfield code="d">GPO</marc:subfield><marc:subfield code="d">CUS</marc:subfield><marc:subfield code="d">DLC</marc:subfield><marc:subfield code="d">GPO</marc:subfield><marc:subfield code="d">BUF</marc:subfield><marc:subfield code="d">DLC</marc:subfield><marc:subfield code="d">OCLCQ</marc:subfield><marc:subfield code="d">GPO</marc:subfield><marc:subfield code="d">OCLCQ</marc:subfield><marc:subfield code="d">UKMGB</marc:subfield><marc:subfield code="d">OCLCA</marc:subfield><marc:subfield code="d">OCLCQ</marc:subfield><marc:subfield code="d">OCLCA</marc:subfield><marc:subfield code="d">OCLCF</marc:subfield><marc:subfield code="d">GPO</marc:subfield><marc:subfield code="d">INR</marc:subfield><marc:subfield code="d">OCL</marc:subfield><marc:subfield code="d">DLC</marc:subfield><marc:subfield code="d">OCLCQ</marc:subfield><marc:subfield code="d">RDF</marc:subfield><marc:subfield code="d">OCLCQ</marc:subfield><marc:subfield code="d">CUS</marc:subfield><marc:subfield code="d">OCLCQ</marc:subfield><marc:subfield code="d">OCLCO</marc:subfield><marc:subfield code="d">OCLCA</marc:subfield><marc:subfield code="d">GILDS</marc:subfield><marc:subfield code="d">OCLCA</marc:subfield><marc:subfield code="d">GPO</marc:subfield><marc:subfield code="d">NPI</marc:subfield><marc:subfield code="d">OCLCQ</marc:subfield><marc:subfield code="d">GPO</marc:subfield><marc:subfield code="d">OCL</marc:subfield><marc:subfield code="d">GPO</marc:subfield><marc:subfield code="d">OCLCQ</marc:subfield><marc:subfield code="d">OCLCL</marc:subfield></marc:datafield><marc:datafield tag="012" ind1=" " ind2=" "><marc:subfield code="a">2</marc:subfield><marc:subfield code="i">9108</marc:subfield><marc:subfield code="j">1</marc:subfield></marc:datafield><marc:datafield tag="016" ind1="7" ind2=" "><marc:subfield code="a">7906989</marc:subfield><marc:subfield code="2">DNLM</marc:subfield></marc:datafield><marc:datafield tag="016" ind1="7" ind2=" "><marc:subfield code="a">U02915000</marc:subfield><marc:subfield code="2">DNLM</marc:subfield></marc:datafield><marc:datafield tag="016" ind1="7" ind2=" "><marc:subfield code="a">011148186</marc:subfield><marc:subfield code="2">Uk</marc:subfield></marc:datafield><marc:datafield tag="019" ind1=" " ind2=" "><marc:subfield code="a">868311451</marc:subfield><marc:subfield code="a">896199115</marc:subfield><marc:subfield code="a">953149015</marc:subfield><marc:subfield code="a">962867227</marc:subfield><marc:subfield code="a">977357208</marc:subfield><marc:subfield code="a">980009214</marc:subfield><marc:subfield code="a">987936275</marc:subfield><marc:subfield code="a">990415377</marc:subfield><marc:subfield code="a">1011846280</marc:subfield><marc:subfield code="a">1031596273</marc:subfield><marc:subfield code="a">1031726804</marc:subfield><marc:subfield code="a">1063924069</marc:subfield><marc:subfield code="a">1114340527</marc:subfield><marc:subfield code="a">1119596131</marc:subfield><marc:subfield code="a">1136413720</marc:subfield><marc:subfield code="a">1140822244</marc:subfield><marc:subfield code="a">1155510097</marc:subfield><marc:subfield code="a">1157137498</marc:subfield><marc:subfield code="a">1203028977</marc:subfield><marc:subfield code="a">1206188492</marc:subfield><marc:subfield code="a">1263979474</marc:subfield><marc:subfield code="a">1295973913</marc:subfield><marc:subfield code="a">1303446736</marc:subfield><marc:subfield code="a">1311962549</marc:subfield><marc:subfield code="a">1365693250</marc:subfield></marc:datafield><marc:datafield tag="022" ind1="0" ind2=" "><marc:subfield code="a">0083-3401</marc:subfield><marc:subfield code="l">0083-3401</marc:subfield><marc:subfield code="2">1</marc:subfield></marc:datafield><marc:datafield tag="029" ind1="1" ind2=" "><marc:subfield code="a">AU@</marc:subfield><marc:subfield code="b">000001452539</marc:subfield></marc:datafield><marc:datafield tag="029" ind1="1" ind2=" "><marc:subfield code="a">AU@</marc:subfield><marc:subfield code="b">000050976411</marc:subfield></marc:datafield><marc:datafield tag="029" ind1="1" ind2=" "><marc:subfield code="a">NLM</marc:subfield><marc:subfield code="b">7906989</marc:subfield></marc:datafield><marc:datafield tag="029" ind1="1" ind2=" "><marc:subfield code="a">NZ1</marc:subfield><marc:subfield code="b">2951762</marc:subfield></marc:datafield><marc:datafield tag="029" ind1="1" ind2=" "><marc:subfield code="a">UKMGB</marc:subfield><marc:subfield code="b">011148186</marc:subfield></marc:datafield><marc:datafield tag="035" ind1=" " ind2=" "><marc:subfield code="a">(OCoLC)1768474</marc:subfield><marc:subfield code="z">(OCoLC)868311451</marc:subfield><marc:subfield code="z">(OCoLC)896199115</marc:subfield><marc:subfield code="z">(OCoLC)953149015</marc:subfield><marc:subfield code="z">(OCoLC)962867227</marc:subfield><marc:subfield code="z">(OCoLC)977357208</marc:subfield><marc:subfield code="z">(OCoLC)980009214</marc:subfield><marc:subfield code="z">(OCoLC)987936275</marc:subfield><marc:subfield code="z">(OCoLC)990415377</marc:subfield><marc:subfield code="z">(OCoLC)1011846280</marc:subfield><marc:subfield code="z">(OCoLC)1031596273</marc:subfield><marc:subfield code="z">(OCoLC)1031726804</marc:subfield><marc:subfield code="z">(OCoLC)1063924069</marc:subfield><marc:subfield code="z">(OCoLC)1114340527</marc:subfield><marc:subfield code="z">(OCoLC)1119596131</marc:subfield><marc:subfield code="z">(OCoLC)1136413720</marc:subfield><marc:subfield code="z">(OCoLC)1140822244</marc:subfield><marc:subfield code="z">(OCoLC)1155510097</marc:subfield><marc:subfield code="z">(OCoLC)1157137498</marc:subfield><marc:subfield code="z">(OCoLC)1203028977</marc:subfield><marc:subfield code="z">(OCoLC)1206188492</marc:subfield><marc:subfield code="z">(OCoLC)1263979474</marc:subfield><marc:subfield code="z">(OCoLC)1295973913</marc:subfield><marc:subfield code="z">(OCoLC)1303446736</marc:subfield><marc:subfield code="z">(OCoLC)1311962549</marc:subfield><marc:subfield code="z">(OCoLC)1365693250</marc:subfield></marc:datafield><marc:datafield tag="037" ind1=" " ind2=" "><marc:subfield code="b">Supt. of Docs., U.S. Govt. Print. Off., Washington, DC 20402-9328</marc:subfield></marc:datafield><marc:datafield tag="042" ind1=" " ind2=" "><marc:subfield code="a">nsdp</marc:subfield><marc:subfield code="a">pcc</marc:subfield></marc:datafield><marc:datafield tag="043" ind1=" " ind2=" "><marc:subfield code="a">n-us---</marc:subfield></marc:datafield><marc:datafield tag="050" ind1="0" ind2="0"><marc:subfield code="a">KF50</marc:subfield><marc:subfield code="b">.U5</marc:subfield></marc:datafield><marc:datafield tag="050" ind1="1" ind2="4"><marc:subfield code="a">US002</marc:subfield><marc:subfield code="b">A2</marc:subfield></marc:datafield><marc:datafield tag="060" ind1="1" ind2="0"><marc:subfield code="a">KF 50</marc:subfield><marc:subfield code="b">U58</marc:subfield></marc:datafield><marc:datafield tag="074" ind1=" " ind2=" "><marc:subfield code="a">0576</marc:subfield></marc:datafield><marc:datafield tag="082" ind1="1" ind2="0"><marc:subfield code="a">349</marc:subfield><marc:subfield code="2">11</marc:subfield></marc:datafield><marc:datafield tag="086" ind1="0" ind2=" "><marc:subfield code="a">GS 4.111:</marc:subfield></marc:datafield><marc:datafield tag="086" ind1="0" ind2=" "><marc:subfield code="a">AE 2.111:</marc:subfield></marc:datafield><marc:datafield tag="049" ind1=" " ind2=" "><marc:subfield code="a">GPOO</marc:subfield></marc:datafield><marc:datafield tag="110" ind1="1" ind2=" "><marc:subfield code="a">United States.</marc:subfield></marc:datafield><marc:datafield tag="210" ind1="1" ind2="0"><marc:subfield code="a">US Statut Large</marc:subfield></marc:datafield><marc:datafield tag="222" ind1=" " ind2="0"><marc:subfield code="a">United States statutes at large</marc:subfield></marc:datafield><marc:datafield tag="240" ind1="1" ind2="0"><marc:subfield code="a">Laws, etc. (United States statutes at large)</marc:subfield></marc:datafield><marc:datafield tag="245" ind1="1" ind2="0"><marc:subfield code="a">United States statutes at large /</marc:subfield><marc:subfield code="c">compiled, edited, and indexed by authority of Congress under the direction of the Secretary of State.</marc:subfield></marc:datafield><marc:datafield tag="246" ind1="1" ind2=" "><marc:subfield code="a">U.S. statutes at large</marc:subfield></marc:datafield><marc:datafield tag="246" ind1="1" ind2=" "><marc:subfield code="a">Statutes at large</marc:subfield></marc:datafield><marc:datafield tag="260" ind1=" " ind2=" "><marc:subfield code="a">Washington :</marc:subfield><marc:subfield code="b">U.S. G.P.O.,</marc:subfield><marc:subfield code="c">1937-</marc:subfield></marc:datafield><marc:datafield tag="300" ind1=" " ind2=" "><marc:subfield code="a">volumes ;</marc:subfield><marc:subfield code="c">25-30 cm</marc:subfield></marc:datafield><marc:datafield tag="310" ind1=" " ind2=" "><marc:subfield code="a">Annual</marc:subfield></marc:datafield><marc:datafield tag="336" ind1=" " ind2=" "><marc:subfield code="a">text</marc:subfield><marc:subfield code="b">txt</marc:subfield><marc:subfield code="2">rdacontent</marc:subfield></marc:datafield><marc:datafield tag="337" ind1=" " ind2=" "><marc:subfield code="a">unmediated</marc:subfield><marc:subfield code="b">n</marc:subfield><marc:subfield code="2">rdamedia</marc:subfield></marc:datafield><marc:datafield tag="338" ind1=" " ind2=" "><marc:subfield code="a">volume</marc:subfield><marc:subfield code="b">nc</marc:subfield><marc:subfield code="2">rdacarrier</marc:subfield></marc:datafield><marc:datafield tag="362" ind1="0" ind2=" "><marc:subfield code="a">Vol. 50, pt. 1 (1937)-</marc:subfield></marc:datafield><marc:datafield tag="500" ind1=" " ind2=" "><marc:subfield code="a">Vol. 107, pt. 2, issued with errata sheet.</marc:subfield></marc:datafield><marc:datafield tag="515" ind1=" " ind2=" "><marc:subfield code="a">Some volumes issued in parts.</marc:subfield></marc:datafield><marc:datafield tag="550" ind1=" " ind2=" "><marc:subfield code="a">Volumes for 1958-19 published by authority of law under the direction of the Administrator of General Services by the Office of the Federal Register, National Archives and Records Service; &lt;1984-&gt; by authority of law under the direction of the Archivist of the United States by the Office of the Federal Register, National Archives and Records Administration.</marc:subfield></marc:datafield><marc:datafield tag="580" ind1=" " ind2=" "><marc:subfield code="a">Volumes for 1937-1950/51 contain treaties and international agreements, issued 1950- by the Secretary of State as: United States. Treaties, etc. (United States treaties and other international agreements). United States treaties and other international agreements.</marc:subfield></marc:datafield><marc:datafield tag="588" ind1="1" ind2=" "><marc:subfield code="a">Vol. 118, pt. 1 (2004).</marc:subfield></marc:datafield><marc:datafield tag="650" ind1=" " ind2="0"><marc:subfield code="a">Law</marc:subfield><marc:subfield code="z">United States</marc:subfield><marc:subfield code="v">Periodicals.</marc:subfield></marc:datafield><marc:datafield tag="651" ind1=" " ind2="0"><marc:subfield code="a">United States</marc:subfield><marc:subfield code="x">Foreign relations</marc:subfield><marc:subfield code="v">Treaties</marc:subfield><marc:subfield code="v">Periodicals.</marc:subfield></marc:datafield><marc:datafield tag="650" ind1=" " ind2="6"><marc:subfield code="a">Droit</marc:subfield><marc:subfield code="0">(CaQQLa)201-0040046</marc:subfield><marc:subfield code="z">États-Unis</marc:subfield><marc:subfield code="0">(CaQQLa)201-0040046</marc:subfield><marc:subfield code="v">Périodiques.</marc:subfield><marc:subfield code="0">(CaQQLa)201-0378307</marc:subfield></marc:datafield><marc:datafield tag="651" ind1=" " ind2="6"><marc:subfield code="a">États-Unis</marc:subfield><marc:subfield code="x">Relations extérieures</marc:subfield><marc:subfield code="x">Traités</marc:subfield><marc:subfield code="v">Périodiques.</marc:subfield></marc:datafield><marc:datafield tag="650" ind1=" " ind2="7"><marc:subfield code="a">Law.</marc:subfield><marc:subfield code="2">fast</marc:subfield><marc:subfield code="0">(OCoLC)fst00993678</marc:subfield></marc:datafield><marc:datafield tag="650" ind1=" " ind2="7"><marc:subfield code="a">Diplomatic relations.</marc:subfield><marc:subfield code="2">fast</marc:subfield><marc:subfield code="0">(OCoLC)fst01907412</marc:subfield></marc:datafield><marc:datafield tag="650" ind1=" " ind2="7"><marc:subfield code="a">Session laws.</marc:subfield><marc:subfield code="2">fast</marc:subfield><marc:subfield code="0">(OCoLC)fst01113571</marc:subfield></marc:datafield><marc:datafield tag="651" ind1=" " ind2="7"><marc:subfield code="a">United States.</marc:subfield><marc:subfield code="2">fast</marc:subfield><marc:subfield code="0">(OCoLC)fst01204155</marc:subfield><marc:subfield code="1">https://id.oclc.org/worldcat/entity/E39PBJtxgQXMWqmjMjjwXRHgrq</marc:subfield></marc:datafield><marc:datafield tag="650" ind1=" " ind2="2"><marc:subfield code="a">Legislation as Topic.</marc:subfield><marc:subfield code="0">(DNLM)D007878</marc:subfield></marc:datafield><marc:datafield tag="651" ind1=" " ind2="2"><marc:subfield code="a">United States.</marc:subfield><marc:subfield code="0">(DNLM)D014481</marc:subfield></marc:datafield><marc:datafield tag="655" ind1=" " ind2="7"><marc:subfield code="a">Session laws.</marc:subfield><marc:subfield code="2">fast</marc:subfield><marc:subfield code="0">(OCoLC)fst01774308</marc:subfield></marc:datafield><marc:datafield tag="655" ind1=" " ind2="7"><marc:subfield code="a">Periodicals.</marc:subfield><marc:subfield code="2">fast</marc:subfield><marc:subfield code="0">(OCoLC)fst01411641</marc:subfield></marc:datafield><marc:datafield tag="655" ind1=" " ind2="7"><marc:subfield code="a">Treaties.</marc:subfield><marc:subfield code="2">fast</marc:subfield><marc:subfield code="0">(OCoLC)fst01423868</marc:subfield></marc:datafield><marc:datafield tag="655" ind1=" " ind2="7"><marc:subfield code="a">Session laws.</marc:subfield><marc:subfield code="2">lcgft</marc:subfield></marc:datafield><marc:datafield tag="655" ind1=" " ind2="7"><marc:subfield code="a">Treaties.</marc:subfield><marc:subfield code="2">lcgft</marc:subfield></marc:datafield><marc:datafield tag="655" ind1=" " ind2="2"><marc:subfield code="a">Periodical.</marc:subfield><marc:subfield code="0">(DNLM)D020492</marc:subfield></marc:datafield><marc:datafield tag="710" ind1="1" ind2=" "><marc:subfield code="a">United States.</marc:subfield><marc:subfield code="b">Department of State.</marc:subfield></marc:datafield><marc:datafield tag="710" ind1="1" ind2=" "><marc:subfield code="a">United States.</marc:subfield><marc:subfield code="b">Office of the Federal Register.</marc:subfield></marc:datafield><marc:datafield tag="776" ind1="0" ind2="8"><marc:subfield code="i">Microfiche version:</marc:subfield><marc:subfield code="a">United States.</marc:subfield><marc:subfield code="s">Laws, etc. (United States statutes at large).</marc:subfield><marc:subfield code="t">United States statutes at large</marc:subfield><marc:subfield code="w">(DLC)  2008217176</marc:subfield><marc:subfield code="w">(OCoLC)13324222</marc:subfield></marc:datafield><marc:datafield tag="776" ind1="0" ind2="8"><marc:subfield code="i">Online version:</marc:subfield><marc:subfield code="a">United States.</marc:subfield><marc:subfield code="s">Laws, etc. (United States statutes at large).</marc:subfield><marc:subfield code="t">United States statutes at large</marc:subfield><marc:subfield code="x">2379-4127</marc:subfield><marc:subfield code="w">(DLC)  2001263040</marc:subfield><marc:subfield code="w">(OCoLC)46833237</marc:subfield></marc:datafield><marc:datafield tag="776" ind1="0" ind2="8"><marc:subfield code="i">Updating website:</marc:subfield><marc:subfield code="a">United States.</marc:subfield><marc:subfield code="s">Laws, etc. (United States statutes at large).</marc:subfield><marc:subfield code="t">United States statutes at large</marc:subfield><marc:subfield code="w">(DLC)  2009230092</marc:subfield><marc:subfield code="w">(OCoLC)318898196</marc:subfield></marc:datafield><marc:datafield tag="780" ind1="0" ind2="0"><marc:subfield code="a">United States.</marc:subfield><marc:subfield code="s">Laws, etc. (Statutes at large, the United States from ...).</marc:subfield><marc:subfield code="t">Statutes at large, the United States from ...</marc:subfield><marc:subfield code="w">(DLC)   98660549</marc:subfield><marc:subfield code="w">(OCoLC)3176465</marc:subfield></marc:datafield><marc:datafield tag="785" ind1="0" ind2="1"><marc:subfield code="a">United States.</marc:subfield><marc:subfield code="s">Treaties, etc. (United States treaties and other international agreements).</marc:subfield><marc:subfield code="t">United States treaties and other international agreements</marc:subfield><marc:subfield code="x">0083-3487</marc:subfield><marc:subfield code="w">(DLC)   53060242</marc:subfield><marc:subfield code="w">(OCoLC)1307767</marc:subfield></marc:datafield><marc:datafield tag="850" ind1=" " ind2=" "><marc:subfield code="a">DLC</marc:subfield><marc:subfield code="a">InU</marc:subfield><marc:subfield code="a">MH-L</marc:subfield><marc:subfield code="a">N</marc:subfield><marc:subfield code="a">NcD-L</marc:subfield><marc:subfield code="a">PU</marc:subfield><marc:subfield code="a">TxU</marc:subfield></marc:datafield><marc:datafield tag="856" ind1="4" ind2="1"><marc:subfield code="3">1937-</marc:subfield><marc:subfield code="u">http://purl.fdlp.gov/GPO/gpo89586</marc:subfield><marc:subfield code="7">0</marc:subfield></marc:datafield><marc:datafield tag="856" ind1="4" ind2="1"><marc:subfield code="3">1951-</marc:subfield><marc:subfield code="u">http://purl.fdlp.gov/GPO/gpo5677</marc:subfield><marc:subfield code="7">0</marc:subfield></marc:datafield><marc:datafield tag="891" ind1="3" ind2="3"><marc:subfield code="9">853</marc:subfield><marc:subfield code="8">1</marc:subfield><marc:subfield code="a">v.</marc:subfield><marc:subfield code="b">pt.</marc:subfield><marc:subfield code="i">(year)</marc:subfield></marc:datafield><marc:datafield tag="891" ind1="4" ind2="0"><marc:subfield code="9">863</marc:subfield><marc:subfield code="8">1</marc:subfield><marc:subfield code="a">&lt;106&gt;</marc:subfield><marc:subfield code="i">&lt;1992&gt;</marc:subfield><marc:subfield code="x">provisional</marc:subfield></marc:datafield><marc:datafield tag="994" ind1=" " ind2=" "><marc:subfield code="a">C0</marc:subfield><marc:subfield code="b">GPO</marc:subfield></marc:datafield></marc:record>