
<marc:record><marc:leader>04305cas a2200865 a 4500</marc:leader>
<marc:controlfield tag="001">ocm02428236 </marc:controlfield>
<marc:controlfield tag="003">OCoLC</marc:controlfield><marc:controlfield tag="005">20231226083529.0</marc:controlfield><marc:controlfield tag="008">760913c18739999dcu x p  i   f0   a0eng c</marc:controlfield><marc:datafield tag="010" ind1=" " ind2=" "><marc:subfield code="a">sn 85008544 </marc:subfield></marc:datafield><marc:datafield tag="040" ind1=" " ind2=" "><marc:subfield code="a">UDI</marc:subfield><marc:subfield code="b">eng</marc:subfield><marc:subfield code="c">UDI</marc:subfield><marc:subfield code="d">COO</marc:subfield><marc:subfield code="d">NSD</marc:subfield><marc:subfield code="d">GPO</marc:subfield><marc:subfield code="d">NSD</marc:subfield><marc:subfield code="d">OCL</marc:subfield><marc:subfield code="d">GPO</marc:subfield><marc:subfield code="d">HUL</marc:subfield><marc:subfield code="d">GPO</marc:subfield><marc:subfield code="d">IUL</marc:subfield><marc:subfield code="d">GPO</marc:subfield><marc:subfield code="d">SYS</marc:subfield><marc:subfield code="d">AGL</marc:subfield><marc:subfield code="d">GPO</marc:subfield><marc:subfield code="d">OCLCQ</marc:subfield><marc:subfield code="d">GPO</marc:subfield><marc:subfield code="d">OCLCQ</marc:subfield><marc:subfield code="d">BUF</marc:subfield><marc:subfield code="d">KRTAS</marc:subfield><marc:subfield code="d">OCLCQ</marc:subfield><marc:subfield code="d">OCLCO</marc:subfield><marc:subfield code="d">GPO</marc:subfield><marc:subfield code="d">OCLCF</marc:subfield><marc:subfield code="d">GILDS</marc:subfield><marc:subfield code="d">OCLCO</marc:subfield><marc:subfield code="d">OCLCA</marc:subfield><marc:subfield code="d">IUL</marc:subfield><marc:subfield code="d">OCLCQ</marc:subfield><marc:subfield code="d">OCLCO</marc:subfield><marc:subfield code="d">OCLCQ</marc:subfield><marc:subfield code="d">OCLCL</marc:subfield></marc:datafield><marc:datafield tag="012" ind1=" " ind2=" "><marc:subfield code="b">3</marc:subfield><marc:subfield code="i">8811</marc:subfield><marc:subfield code="j">0</marc:subfield><marc:subfield code="m">X</marc:subfield></marc:datafield><marc:datafield tag="019" ind1=" " ind2=" "><marc:subfield code="a">4279035</marc:subfield><marc:subfield code="a">990549975</marc:subfield><marc:subfield code="a">994606910</marc:subfield></marc:datafield><marc:datafield tag="022" ind1="0" ind2=" "><marc:subfield code="a">0364-7544</marc:subfield><marc:subfield code="l">0364-7544</marc:subfield><marc:subfield code="2">1</marc:subfield></marc:datafield><marc:datafield tag="029" ind1="1" ind2=" "><marc:subfield code="a">AU@</marc:subfield><marc:subfield code="b">000002225518</marc:subfield></marc:datafield><marc:datafield tag="029" ind1="1" ind2=" "><marc:subfield code="a">NZ1</marc:subfield><marc:subfield code="b">16067132</marc:subfield></marc:datafield><marc:datafield tag="032" ind1=" " ind2=" "><marc:subfield code="a">087390</marc:subfield><marc:subfield code="b">USPS</marc:subfield></marc:datafield><marc:datafield tag="035" ind1=" " ind2=" "><marc:subfield code="a">(OCoLC)2428236</marc:subfield><marc:subfield code="z">(OCoLC)4279035</marc:subfield><marc:subfield code="z">(OCoLC)990549975</marc:subfield><marc:subfield code="z">(OCoLC)994606910</marc:subfield></marc:datafield><marc:datafield tag="037" ind1=" " ind2=" "><marc:subfield code="a">752-002-00000-2</marc:subfield><marc:subfield code="b">Paper version available from: U.S. Govt. Print. Off., Supt. of Docs., Mail Stop: SSOP, Washington, DC 20402-9328</marc:subfield></marc:datafield><marc:datafield tag="042" ind1=" " ind2=" "><marc:subfield code="a">nsdp</marc:subfield><marc:subfield code="a">pcc</marc:subfield></marc:datafield><marc:datafield tag="043" ind1=" " ind2=" "><marc:subfield code="a">n-us---</marc:subfield></marc:datafield><marc:datafield tag="050" ind1="1" ind2="4"><marc:subfield code="a">KF35</marc:subfield><marc:subfield code="b">.U55</marc:subfield></marc:datafield><marc:datafield tag="070" ind1="0" ind2=" "><marc:subfield code="a">J11</marc:subfield><marc:subfield code="b">.R42</marc:subfield></marc:datafield><marc:datafield tag="072" ind1=" " ind2="0"><marc:subfield code="a">X800</marc:subfield></marc:datafield><marc:datafield tag="074" ind1=" " ind2=" "><marc:subfield code="a">0993-B</marc:subfield></marc:datafield><marc:datafield tag="074" ind1=" " ind2=" "><marc:subfield code="a">0994-B</marc:subfield></marc:datafield><marc:datafield tag="086" ind1="0" ind2=" "><marc:subfield code="a">X/A.</marc:subfield></marc:datafield><marc:datafield tag="086" ind1="0" ind2=" "><marc:subfield code="a">X 1.1:</marc:subfield></marc:datafield><marc:datafield tag="086" ind1="0" ind2=" "><marc:subfield code="a">X 1.1/A:</marc:subfield><marc:subfield code="z">X 1.1/A:145/1/INDEX</marc:subfield><marc:subfield code="z">X 1.1/A:146/1/INDEX</marc:subfield><marc:subfield code="z">X 1.1/A:146/2/INDEX</marc:subfield></marc:datafield><marc:datafield tag="049" ind1=" " ind2=" "><marc:subfield code="a">GPOO</marc:subfield></marc:datafield><marc:datafield tag="210" ind1="0" ind2=" "><marc:subfield code="a">Congr. rec. index</marc:subfield></marc:datafield><marc:datafield tag="222" ind1=" " ind2="0"><marc:subfield code="a">Congressional record index</marc:subfield></marc:datafield><marc:datafield tag="245" ind1="0" ind2="0"><marc:subfield code="a">Congressional record index :</marc:subfield><marc:subfield code="b">proceedings and debates of the ... Congress.</marc:subfield></marc:datafield><marc:datafield tag="260" ind1=" " ind2=" "><marc:subfield code="a">Washington, D.C. :</marc:subfield><marc:subfield code="b">Supt. of Docs., U.S. G.P.O., distributor</marc:subfield></marc:datafield><marc:datafield tag="300" ind1=" " ind2=" "><marc:subfield code="a">volumes ;</marc:subfield><marc:subfield code="c">30 cm</marc:subfield></marc:datafield><marc:datafield tag="310" ind1=" " ind2=" "><marc:subfield code="a">Irregular</marc:subfield></marc:datafield><marc:datafield tag="321" ind1=" " ind2=" "><marc:subfield code="a">Biweekly,</marc:subfield><marc:subfield code="b">&lt;1973-&gt;</marc:subfield></marc:datafield><marc:datafield tag="336" ind1=" " ind2=" "><marc:subfield code="a">text</marc:subfield><marc:subfield code="b">txt</marc:subfield><marc:subfield code="2">rdacontent</marc:subfield></marc:datafield><marc:datafield tag="337" ind1=" " ind2=" "><marc:subfield code="a">unmediated</marc:subfield><marc:subfield code="b">n</marc:subfield><marc:subfield code="2">rdamedia</marc:subfield></marc:datafield><marc:datafield tag="338" ind1=" " ind2=" "><marc:subfield code="a">volume</marc:subfield><marc:subfield code="b">nc</marc:subfield><marc:subfield code="2">rdacarrier</marc:subfield></marc:datafield><marc:datafield tag="362" ind1="1" ind2=" "><marc:subfield code="a">Began with: 43rd Congress (1873).</marc:subfield></marc:datafield><marc:datafield tag="500" ind1=" " ind2=" "><marc:subfield code="a">Volumes for &lt;1986-&gt; distributed to some depository libraries on microfiche.</marc:subfield></marc:datafield><marc:datafield tag="520" ind1=" " ind2=" "><marc:subfield code="a">Includes history of bills and resolutions.</marc:subfield></marc:datafield><marc:datafield tag="530" ind1=" " ind2=" "><marc:subfield code="a">Daily cumulations, in annual increments, are available for searching individually; all years may be searched at once, except for the current year. Previously available as of 3/2/2016: http://www.access.gpo.gov/sudocs/aces/aaces190.html.</marc:subfield></marc:datafield><marc:datafield tag="580" ind1=" " ind2=" "><marc:subfield code="a">Cumulated in: United States. Congress. Congressional record (Permanent ed.), which includes an index for each session.</marc:subfield></marc:datafield><marc:datafield tag="588" ind1=" " ind2=" "><marc:subfield code="a">Description based on: 96th Congress, 1st session, v. 125, no. 21 to 28 (Feb. 26 to Mar. 8, 1979); title from caption.</marc:subfield></marc:datafield><marc:datafield tag="650" ind1=" " ind2="0"><marc:subfield code="a">Law</marc:subfield><marc:subfield code="z">United States</marc:subfield><marc:subfield code="v">Indexes</marc:subfield><marc:subfield code="v">Periodicals.</marc:subfield></marc:datafield><marc:datafield tag="651" ind1=" " ind2="0"><marc:subfield code="a">United States</marc:subfield><marc:subfield code="x">Politics and government</marc:subfield><marc:subfield code="v">Indexes</marc:subfield><marc:subfield code="v">Periodicals.</marc:subfield></marc:datafield><marc:datafield tag="650" ind1=" " ind2="7"><marc:subfield code="a">Law.</marc:subfield><marc:subfield code="2">fast</marc:subfield><marc:subfield code="0">(OCoLC)fst00993678</marc:subfield></marc:datafield><marc:datafield tag="650" ind1=" " ind2="7"><marc:subfield code="a">Politics and government.</marc:subfield><marc:subfield code="2">fast</marc:subfield><marc:subfield code="0">(OCoLC)fst01919741</marc:subfield></marc:datafield><marc:datafield tag="651" ind1=" " ind2="7"><marc:subfield code="a">United States.</marc:subfield><marc:subfield code="2">fast</marc:subfield><marc:subfield code="0">(OCoLC)fst01204155</marc:subfield><marc:subfield code="1">https://id.oclc.org/worldcat/entity/E39PBJtxgQXMWqmjMjjwXRHgrq</marc:subfield></marc:datafield><marc:datafield tag="655" ind1=" " ind2="7"><marc:subfield code="a">Indexes.</marc:subfield><marc:subfield code="2">fast</marc:subfield><marc:subfield code="0">(OCoLC)fst01423761</marc:subfield></marc:datafield><marc:datafield tag="655" ind1=" " ind2="7"><marc:subfield code="a">Periodicals.</marc:subfield><marc:subfield code="2">fast</marc:subfield><marc:subfield code="0">(OCoLC)fst01411641</marc:subfield></marc:datafield><marc:datafield tag="655" ind1=" " ind2="7"><marc:subfield code="a">Indexes.</marc:subfield><marc:subfield code="2">lcgft</marc:subfield></marc:datafield><marc:datafield tag="655" ind1=" " ind2="7"><marc:subfield code="a">Periodicals.</marc:subfield><marc:subfield code="2">lcgft</marc:subfield></marc:datafield><marc:datafield tag="710" ind1="1" ind2=" "><marc:subfield code="a">United States.</marc:subfield><marc:subfield code="b">Congress.</marc:subfield></marc:datafield><marc:datafield tag="775" ind1="1" ind2=" "><marc:subfield code="t">Congressional record index.</marc:subfield><marc:subfield code="c">Microfilm ed.</marc:subfield></marc:datafield><marc:datafield tag="776" ind1="0" ind2="8"><marc:subfield code="i">Microfiche version:</marc:subfield><marc:subfield code="t">Congressional record index</marc:subfield><marc:subfield code="x">0364-7544</marc:subfield><marc:subfield code="w">(OCoLC)15634485</marc:subfield></marc:datafield><marc:datafield tag="776" ind1="1" ind2=" "><marc:subfield code="t">Congressional record index (Online)</marc:subfield><marc:subfield code="w">(DLC)  2001230907</marc:subfield><marc:subfield code="w">(OCoLC)45743824</marc:subfield></marc:datafield><marc:datafield tag="776" ind1="0" ind2="8"><marc:subfield code="i">Updating web site:</marc:subfield><marc:subfield code="t">Congressional record index (CRI).</marc:subfield><marc:subfield code="d">[Washington, D.C.] : U.S.G.P.O., 1983-</marc:subfield><marc:subfield code="w">(DLC)  2009230065</marc:subfield><marc:subfield code="w">(OCoLC)304398293</marc:subfield></marc:datafield><marc:datafield tag="780" ind1="0" ind2="0"><marc:subfield code="t">Index to the Congressional globe</marc:subfield></marc:datafield><marc:datafield tag="787" ind1="1" ind2=" "><marc:subfield code="a">United States. Congress.</marc:subfield><marc:subfield code="s">Congressional record (Biweekly ed.)</marc:subfield></marc:datafield><marc:datafield tag="787" ind1="1" ind2=" "><marc:subfield code="a">United States. Congress.</marc:subfield><marc:subfield code="s">Congressional record (Daily ed.).</marc:subfield><marc:subfield code="t">Congressional record</marc:subfield><marc:subfield code="x">0363-7239</marc:subfield><marc:subfield code="w">(DLC)   80646573</marc:subfield><marc:subfield code="w">(OCoLC)2437919</marc:subfield></marc:datafield><marc:datafield tag="787" ind1="1" ind2=" "><marc:subfield code="a">United States. Congress.</marc:subfield><marc:subfield code="s">Congressional record (Permanent ed.).</marc:subfield><marc:subfield code="t">Congressional record</marc:subfield><marc:subfield code="x">0883-1947</marc:subfield><marc:subfield code="w">(DLC)   12036438</marc:subfield><marc:subfield code="w">(OCoLC)5058415</marc:subfield></marc:datafield><marc:datafield tag="850" ind1=" " ind2=" "><marc:subfield code="a">DNAL</marc:subfield><marc:subfield code="a">MH-Hi</marc:subfield><marc:subfield code="a">MH-KG</marc:subfield></marc:datafield><marc:datafield tag="856" ind1="4" ind2="1"><marc:subfield code="u">https://purl.fdlp.gov/GPO/LPS8316</marc:subfield><marc:subfield code="7">0</marc:subfield></marc:datafield><marc:datafield tag="891" ind1="3" ind2="3"><marc:subfield code="9">853</marc:subfield><marc:subfield code="8">1</marc:subfield><marc:subfield code="a">v.</marc:subfield><marc:subfield code="b">pt.</marc:subfield><marc:subfield code="i">(year)</marc:subfield><marc:subfield code="j">(month)</marc:subfield></marc:datafield><marc:datafield tag="891" ind1="4" ind2="0"><marc:subfield code="9">863</marc:subfield><marc:subfield code="8">1</marc:subfield><marc:subfield code="a">&lt;3&gt;</marc:subfield><marc:subfield code="b">&lt;1&gt;</marc:subfield><marc:subfield code="i">&lt;1875&gt;</marc:subfield><marc:subfield code="x">provisional</marc:subfield></marc:datafield><marc:datafield tag="891" ind1="3" ind2="3"><marc:subfield code="9">853</marc:subfield><marc:subfield code="8">2</marc:subfield><marc:subfield code="a">v.</marc:subfield><marc:subfield code="b">pages</marc:subfield><marc:subfield code="i">(year)</marc:subfield><marc:subfield code="j">(month)</marc:subfield></marc:datafield><marc:datafield tag="891" ind1="4" ind2="0"><marc:subfield code="9">863</marc:subfield><marc:subfield code="8">2</marc:subfield><marc:subfield code="a">&lt;73&gt;</marc:subfield><marc:subfield code="b">&lt;1&gt;-</marc:subfield><marc:subfield code="i">&lt;1930&gt;</marc:subfield><marc:subfield code="j">&lt;July&gt;</marc:subfield><marc:subfield code="x">provisional</marc:subfield></marc:datafield><marc:datafield tag="891" ind1="3" ind2="3"><marc:subfield code="9">853</marc:subfield><marc:subfield code="8">3</marc:subfield><marc:subfield code="a">v.</marc:subfield><marc:subfield code="b">pt.</marc:subfield><marc:subfield code="i">(year)</marc:subfield><marc:subfield code="j">(month)</marc:subfield></marc:datafield><marc:datafield tag="891" ind1="4" ind2="0"><marc:subfield code="9">863</marc:subfield><marc:subfield code="8">3</marc:subfield><marc:subfield code="a">&lt;74&gt;</marc:subfield><marc:subfield code="b">&lt;8&gt;</marc:subfield><marc:subfield code="i">&lt;1930/1931&gt;</marc:subfield><marc:subfield code="j">&lt;Dec./Mar.&gt;</marc:subfield><marc:subfield code="x">provisional</marc:subfield></marc:datafield><marc:datafield tag="936" ind1=" " ind2=" "><marc:subfield code="a">Unknown</marc:subfield><marc:subfield code="a">Vol. 147, no. 139 to 145 (Oct. 15 to Oct. 26, 2001) LIC</marc:subfield></marc:datafield><marc:datafield tag="938" ind1=" " ind2=" "><marc:subfield code="a">Kirtas Technologies, Inc.</marc:subfield><marc:subfield code="b">KRTS</marc:subfield><marc:subfield code="n">954933</marc:subfield></marc:datafield><marc:datafield tag="994" ind1=" " ind2=" "><marc:subfield code="a">C0</marc:subfield><marc:subfield code="b">GPO</marc:subfield></marc:datafield></marc:record>