
<marc:record><marc:leader>03216cas a2200673 a 4500</marc:leader>
<marc:controlfield tag="001">ocn212908106</marc:controlfield>
<marc:controlfield tag="003">OCoLC</marc:controlfield><marc:controlfield tag="005">20231226083529.0</marc:controlfield><marc:controlfield tag="008">080306c20089999dcuar    l   f0   a0eng c</marc:controlfield><marc:datafield tag="010" ind1=" " ind2=" "><marc:subfield code="a">  2008254105</marc:subfield></marc:datafield><marc:datafield tag="040" ind1=" " ind2=" "><marc:subfield code="a">HHS</marc:subfield><marc:subfield code="b">eng</marc:subfield><marc:subfield code="c">HHS</marc:subfield><marc:subfield code="d">DNU</marc:subfield><marc:subfield code="d">CUS</marc:subfield><marc:subfield code="d">CLU</marc:subfield><marc:subfield code="d">GPO</marc:subfield><marc:subfield code="d">DLC</marc:subfield><marc:subfield code="d">GPO</marc:subfield><marc:subfield code="d">NLM</marc:subfield><marc:subfield code="d">GPO</marc:subfield><marc:subfield code="d">DLC</marc:subfield><marc:subfield code="d">OCLCQ</marc:subfield><marc:subfield code="d">OCLCO</marc:subfield><marc:subfield code="d">GPO</marc:subfield><marc:subfield code="d">OCLCF</marc:subfield><marc:subfield code="d">GPO</marc:subfield><marc:subfield code="d">INR</marc:subfield><marc:subfield code="d">OCLCO</marc:subfield><marc:subfield code="d">OCLCQ</marc:subfield><marc:subfield code="d">LRP</marc:subfield><marc:subfield code="d">OCLCO</marc:subfield><marc:subfield code="d">OCLCQ</marc:subfield><marc:subfield code="d">OCLCA</marc:subfield><marc:subfield code="d">GILDS</marc:subfield><marc:subfield code="d">ZQP</marc:subfield><marc:subfield code="d">OCLCO</marc:subfield><marc:subfield code="d">FUG</marc:subfield><marc:subfield code="d">GPO</marc:subfield><marc:subfield code="d">OCLCL</marc:subfield></marc:datafield><marc:datafield tag="016" ind1="7" ind2=" "><marc:subfield code="a">101470915</marc:subfield><marc:subfield code="2">DNLM</marc:subfield></marc:datafield><marc:datafield tag="022" ind1="0" ind2=" "><marc:subfield code="a">1942-7077</marc:subfield><marc:subfield code="l">1942-7077</marc:subfield><marc:subfield code="2">1</marc:subfield></marc:datafield><marc:datafield tag="035" ind1=" " ind2=" "><marc:subfield code="a">(OCoLC)212908106</marc:subfield></marc:datafield><marc:datafield tag="037" ind1=" " ind2=" "><marc:subfield code="a">869-068-00000-4 (paper subscription)</marc:subfield><marc:subfield code="b">Supt. of Docs., P.O. Box 979050 St. Louis, MO 63197-9000</marc:subfield></marc:datafield><marc:datafield tag="037" ind1=" " ind2=" "><marc:subfield code="a">869-067-00000-8 (microfiche subscription)</marc:subfield><marc:subfield code="b">Supt. of Docs., P.O. Box 979050 St. Louis, MO 63197-9000</marc:subfield></marc:datafield><marc:datafield tag="042" ind1=" " ind2=" "><marc:subfield code="a">pcc</marc:subfield><marc:subfield code="a">nsdp</marc:subfield></marc:datafield><marc:datafield tag="043" ind1=" " ind2=" "><marc:subfield code="a">n-us---</marc:subfield></marc:datafield><marc:datafield tag="050" ind1="0" ind2="0"><marc:subfield code="a">ISSN RECORD</marc:subfield></marc:datafield><marc:datafield tag="050" ind1="1" ind2="4"><marc:subfield code="a">KF70</marc:subfield><marc:subfield code="b">.A32</marc:subfield></marc:datafield><marc:datafield tag="060" ind1="0" ind2="0"><marc:subfield code="a">KF 70.A3</marc:subfield><marc:subfield code="b">C662</marc:subfield></marc:datafield><marc:datafield tag="074" ind1=" " ind2=" "><marc:subfield code="a">0572-B</marc:subfield></marc:datafield><marc:datafield tag="074" ind1=" " ind2=" "><marc:subfield code="a">0572-D-06</marc:subfield></marc:datafield><marc:datafield tag="082" ind1="1" ind2="0"><marc:subfield code="a">342</marc:subfield><marc:subfield code="2">14</marc:subfield></marc:datafield><marc:datafield tag="086" ind1="0" ind2=" "><marc:subfield code="a">AE 2.106/3:6/</marc:subfield></marc:datafield><marc:datafield tag="049" ind1=" " ind2=" "><marc:subfield code="a">GPOO</marc:subfield></marc:datafield><marc:datafield tag="222" ind1=" " ind2="0"><marc:subfield code="a">Code of federal regulations. 6, Domestic security</marc:subfield></marc:datafield><marc:datafield tag="245" ind1="0" ind2="0"><marc:subfield code="a">Code of federal regulations.</marc:subfield><marc:subfield code="n">6,</marc:subfield><marc:subfield code="p">Domestic security.</marc:subfield></marc:datafield><marc:datafield tag="246" ind1="1" ind2=" "><marc:subfield code="i">Issues for 2011- have title:</marc:subfield><marc:subfield code="a">Code of federal regulations.</marc:subfield><marc:subfield code="n">Title 6,</marc:subfield><marc:subfield code="p">Domestic security</marc:subfield></marc:datafield><marc:datafield tag="246" ind1="1" ind2=" "><marc:subfield code="a">CFR.</marc:subfield><marc:subfield code="n">6,</marc:subfield><marc:subfield code="p">Domestic security</marc:subfield></marc:datafield><marc:datafield tag="246" ind1="1" ind2=" "><marc:subfield code="a">Domestic security</marc:subfield></marc:datafield><marc:datafield tag="264" ind1=" " ind2="1"><marc:subfield code="a">Washington, D.C. :</marc:subfield><marc:subfield code="b">Office of the Federal Register, National Archives and Records Administration,</marc:subfield><marc:subfield code="c">2008-</marc:subfield></marc:datafield><marc:datafield tag="300" ind1=" " ind2=" "><marc:subfield code="a">volumes ;</marc:subfield><marc:subfield code="c">23 cm</marc:subfield></marc:datafield><marc:datafield tag="310" ind1=" " ind2=" "><marc:subfield code="a">Annual</marc:subfield></marc:datafield><marc:datafield tag="336" ind1=" " ind2=" "><marc:subfield code="a">text</marc:subfield><marc:subfield code="b">txt</marc:subfield><marc:subfield code="2">rdacontent</marc:subfield></marc:datafield><marc:datafield tag="337" ind1=" " ind2=" "><marc:subfield code="a">unmediated</marc:subfield><marc:subfield code="b">n</marc:subfield><marc:subfield code="2">rdamedia</marc:subfield></marc:datafield><marc:datafield tag="338" ind1=" " ind2=" "><marc:subfield code="a">volume</marc:subfield><marc:subfield code="b">nc</marc:subfield><marc:subfield code="2">rdacarrier</marc:subfield></marc:datafield><marc:datafield tag="362" ind1="0" ind2=" "><marc:subfield code="a">Jan. 1, 2008-</marc:subfield></marc:datafield><marc:datafield tag="500" ind1=" " ind2=" "><marc:subfield code="a">Some v. distributed to depository libraries in microfiche.</marc:subfield></marc:datafield><marc:datafield tag="520" ind1=" " ind2=" "><marc:subfield code="a">Special edition of the Federal Register, containing a codification of documents of general applicability and future effect as of ... with ancillaries.</marc:subfield></marc:datafield><marc:datafield tag="588" ind1=" " ind2=" "><marc:subfield code="a">Description based on first issue; title from t.p. surrogate.</marc:subfield></marc:datafield><marc:datafield tag="650" ind1=" " ind2="0"><marc:subfield code="a">National security</marc:subfield><marc:subfield code="x">Law and legislation</marc:subfield><marc:subfield code="z">United States</marc:subfield><marc:subfield code="v">Periodicals.</marc:subfield></marc:datafield><marc:datafield tag="650" ind1=" " ind2="0"><marc:subfield code="a">Civil defense</marc:subfield><marc:subfield code="z">United States</marc:subfield><marc:subfield code="v">Periodicals.</marc:subfield></marc:datafield><marc:datafield tag="650" ind1=" " ind2="0"><marc:subfield code="a">Law enforcement</marc:subfield><marc:subfield code="z">United States</marc:subfield><marc:subfield code="v">Periodicals.</marc:subfield></marc:datafield><marc:datafield tag="650" ind1="1" ind2="2"><marc:subfield code="a">Security Measures</marc:subfield><marc:subfield code="x">legislation &amp; jurisprudence.</marc:subfield><marc:subfield code="0">(DNLM)D012637Q000331</marc:subfield></marc:datafield><marc:datafield tag="650" ind1="2" ind2="2"><marc:subfield code="a">Civil Defense</marc:subfield><marc:subfield code="x">legislation &amp; jurisprudence.</marc:subfield><marc:subfield code="0">(DNLM)D002959Q000331</marc:subfield></marc:datafield><marc:datafield tag="651" ind1=" " ind2="2"><marc:subfield code="a">United States.</marc:subfield><marc:subfield code="0">(DNLM)D014481</marc:subfield></marc:datafield><marc:datafield tag="650" ind1=" " ind2="7"><marc:subfield code="a">Civil defense.</marc:subfield><marc:subfield code="2">fast</marc:subfield><marc:subfield code="0">(OCoLC)fst00862456</marc:subfield></marc:datafield><marc:datafield tag="650" ind1=" " ind2="7"><marc:subfield code="a">Law enforcement.</marc:subfield><marc:subfield code="2">fast</marc:subfield><marc:subfield code="0">(OCoLC)fst00993931</marc:subfield></marc:datafield><marc:datafield tag="650" ind1=" " ind2="7"><marc:subfield code="a">National security</marc:subfield><marc:subfield code="x">Law and legislation.</marc:subfield><marc:subfield code="2">fast</marc:subfield><marc:subfield code="0">(OCoLC)fst01033727</marc:subfield></marc:datafield><marc:datafield tag="651" ind1=" " ind2="7"><marc:subfield code="a">United States.</marc:subfield><marc:subfield code="2">fast</marc:subfield><marc:subfield code="0">(OCoLC)fst01204155</marc:subfield><marc:subfield code="1">https://id.oclc.org/worldcat/entity/E39PBJtxgQXMWqmjMjjwXRHgrq</marc:subfield></marc:datafield><marc:datafield tag="655" ind1=" " ind2="7"><marc:subfield code="a">Periodicals.</marc:subfield><marc:subfield code="2">fast</marc:subfield><marc:subfield code="0">(OCoLC)fst01411641</marc:subfield></marc:datafield><marc:datafield tag="655" ind1=" " ind2="7"><marc:subfield code="a">Periodicals.</marc:subfield><marc:subfield code="2">lcgft</marc:subfield></marc:datafield><marc:datafield tag="655" ind1=" " ind2="0"><marc:subfield code="a">Government publications</marc:subfield><marc:subfield code="z">United States.</marc:subfield></marc:datafield><marc:datafield tag="710" ind1="1" ind2=" "><marc:subfield code="a">United States.</marc:subfield><marc:subfield code="b">Office of the Federal Register.</marc:subfield></marc:datafield><marc:datafield tag="776" ind1="1" ind2=" "><marc:subfield code="c">Microfiche</marc:subfield><marc:subfield code="d">Supt. of Docs., U.S.G.P.O.</marc:subfield><marc:subfield code="w">(DLC)  2009230948</marc:subfield><marc:subfield code="w">(OCoLC)401339280</marc:subfield></marc:datafield><marc:datafield tag="776" ind1="0" ind2="8"><marc:subfield code="i">Online version:</marc:subfield><marc:subfield code="t">Code of federal regulations. 6, Domestic security</marc:subfield><marc:subfield code="x">2150-0649</marc:subfield><marc:subfield code="w">(DLC)  2009230653</marc:subfield><marc:subfield code="w">(OCoLC)312441710</marc:subfield></marc:datafield><marc:datafield tag="780" ind1="0" ind2="0"><marc:subfield code="t">Code of federal regulations. 6, Homeland security</marc:subfield><marc:subfield code="w">(DLC)  2004230577</marc:subfield><marc:subfield code="w">(OCoLC)54449420</marc:subfield></marc:datafield><marc:datafield tag="994" ind1=" " ind2=" "><marc:subfield code="a">C0</marc:subfield><marc:subfield code="b">GPO</marc:subfield></marc:datafield></marc:record>