
<marc:record><marc:leader>03431cas a2200661 a 4500</marc:leader>
<marc:controlfield tag="001">ocm07864190 </marc:controlfield>
<marc:controlfield tag="003">OCoLC</marc:controlfield><marc:controlfield tag="005">20231226083529.0</marc:controlfield><marc:controlfield tag="008">811021c19uu9999dcuar    l   f0   a0eng c</marc:controlfield><marc:datafield tag="010" ind1=" " ind2=" "><marc:subfield code="a">sn 87043321 </marc:subfield></marc:datafield><marc:datafield tag="040" ind1=" " ind2=" "><marc:subfield code="a">GPO</marc:subfield><marc:subfield code="b">eng</marc:subfield><marc:subfield code="c">GPO</marc:subfield><marc:subfield code="d">GPO</marc:subfield><marc:subfield code="d">CUI</marc:subfield><marc:subfield code="d">GPO</marc:subfield><marc:subfield code="d">OCLCQ</marc:subfield><marc:subfield code="d">OCLCF</marc:subfield><marc:subfield code="d">GPO</marc:subfield><marc:subfield code="d">DLC</marc:subfield><marc:subfield code="d">INR</marc:subfield><marc:subfield code="d">OCLCA</marc:subfield><marc:subfield code="d">DLC</marc:subfield><marc:subfield code="d">WVU</marc:subfield><marc:subfield code="d">LRP</marc:subfield><marc:subfield code="d">OCLCQ</marc:subfield><marc:subfield code="d">GILDS</marc:subfield><marc:subfield code="d">OCLCO</marc:subfield><marc:subfield code="d">ZAS</marc:subfield><marc:subfield code="d">OCLCO</marc:subfield><marc:subfield code="d">ZQP</marc:subfield><marc:subfield code="d">OCLCO</marc:subfield><marc:subfield code="d">FUG</marc:subfield><marc:subfield code="d">OCLCQ</marc:subfield><marc:subfield code="d">GPO</marc:subfield><marc:subfield code="d">OCLCL</marc:subfield></marc:datafield><marc:datafield tag="019" ind1=" " ind2=" "><marc:subfield code="a">980196780</marc:subfield></marc:datafield><marc:datafield tag="022" ind1="0" ind2=" "><marc:subfield code="a">2378-0029</marc:subfield><marc:subfield code="2">1</marc:subfield></marc:datafield><marc:datafield tag="029" ind1="1" ind2=" "><marc:subfield code="a">AU@</marc:subfield><marc:subfield code="b">000004103685</marc:subfield></marc:datafield><marc:datafield tag="035" ind1=" " ind2=" "><marc:subfield code="a">(OCoLC)7864190</marc:subfield><marc:subfield code="z">(OCoLC)980196780</marc:subfield></marc:datafield><marc:datafield tag="037" ind1=" " ind2=" "><marc:subfield code="a">869-068-00000-4</marc:subfield><marc:subfield code="b">Subscription available from: Supt. of Docs., P.O. Box 979050, St. Louis, MO 63197-9000</marc:subfield><marc:subfield code="f">paper</marc:subfield></marc:datafield><marc:datafield tag="037" ind1=" " ind2=" "><marc:subfield code="a">869-067-00000-8</marc:subfield><marc:subfield code="b">Subscription available from: Supt. of Docs., P.O. Box 979050, St. Louis, MO 63197-9000</marc:subfield><marc:subfield code="f">microfiche</marc:subfield></marc:datafield><marc:datafield tag="042" ind1=" " ind2=" "><marc:subfield code="a">pcc</marc:subfield><marc:subfield code="a">nsdp</marc:subfield></marc:datafield><marc:datafield tag="043" ind1=" " ind2=" "><marc:subfield code="a">n-us---</marc:subfield></marc:datafield><marc:datafield tag="050" ind1="1" ind2="0"><marc:subfield code="a">ISSN RECORD</marc:subfield></marc:datafield><marc:datafield tag="050" ind1="1" ind2="4"><marc:subfield code="a">KF70</marc:subfield><marc:subfield code="b">.A3 no. 11</marc:subfield></marc:datafield><marc:datafield tag="074" ind1=" " ind2=" "><marc:subfield code="a">0572-B</marc:subfield></marc:datafield><marc:datafield tag="074" ind1=" " ind2=" "><marc:subfield code="a">0572-D-11</marc:subfield></marc:datafield><marc:datafield tag="082" ind1="0" ind2="0"><marc:subfield code="a">345</marc:subfield><marc:subfield code="2">23</marc:subfield></marc:datafield><marc:datafield tag="086" ind1="0" ind2=" "><marc:subfield code="a">GS 4.108:11/</marc:subfield></marc:datafield><marc:datafield tag="086" ind1="0" ind2=" "><marc:subfield code="a">AE 2.106/3:11/</marc:subfield></marc:datafield><marc:datafield tag="049" ind1=" " ind2=" "><marc:subfield code="a">GPOO</marc:subfield></marc:datafield><marc:datafield tag="110" ind1="1" ind2=" "><marc:subfield code="a">United States.</marc:subfield><marc:subfield code="b">Federal Election Commission.</marc:subfield></marc:datafield><marc:datafield tag="222" ind1=" " ind2="0"><marc:subfield code="a">Code of federal regulations. 11, Federal elections</marc:subfield><marc:subfield code="b">(Print)</marc:subfield></marc:datafield><marc:datafield tag="245" ind1="1" ind2="0"><marc:subfield code="a">Code of federal regulations.</marc:subfield><marc:subfield code="n">11,</marc:subfield><marc:subfield code="p">Federal elections.</marc:subfield></marc:datafield><marc:datafield tag="246" ind1="1" ind2=" "><marc:subfield code="i">Issues for 2011- have title:</marc:subfield><marc:subfield code="a">Code of federal regulations.</marc:subfield><marc:subfield code="n">Title 11,</marc:subfield><marc:subfield code="p">Federal elections</marc:subfield></marc:datafield><marc:datafield tag="246" ind1="1" ind2=" "><marc:subfield code="a">CFR.</marc:subfield><marc:subfield code="n">11,</marc:subfield><marc:subfield code="p">Federal elections</marc:subfield></marc:datafield><marc:datafield tag="246" ind1="1" ind2=" "><marc:subfield code="a">Federal elections</marc:subfield></marc:datafield><marc:datafield tag="264" ind1=" " ind2="1"><marc:subfield code="a">Washington, D.C. :</marc:subfield><marc:subfield code="b">Office of the Federal Register, National Archives and Records Service, General Services Administration :</marc:subfield><marc:subfield code="b">United States Government Printing Office</marc:subfield></marc:datafield><marc:datafield tag="300" ind1=" " ind2=" "><marc:subfield code="a">volumes ;</marc:subfield><marc:subfield code="c">23 cm</marc:subfield></marc:datafield><marc:datafield tag="310" ind1=" " ind2=" "><marc:subfield code="a">Annual</marc:subfield></marc:datafield><marc:datafield tag="336" ind1=" " ind2=" "><marc:subfield code="a">text</marc:subfield><marc:subfield code="b">txt</marc:subfield><marc:subfield code="2">rdacontent</marc:subfield></marc:datafield><marc:datafield tag="337" ind1=" " ind2=" "><marc:subfield code="a">unmediated</marc:subfield><marc:subfield code="b">n</marc:subfield><marc:subfield code="2">rdamedia</marc:subfield></marc:datafield><marc:datafield tag="338" ind1=" " ind2=" "><marc:subfield code="a">volume</marc:subfield><marc:subfield code="b">nc</marc:subfield><marc:subfield code="2">rdacarrier</marc:subfield></marc:datafield><marc:datafield tag="500" ind1=" " ind2=" "><marc:subfield code="a">Volumes for &lt;1984-&gt; distributed to some depository libraries in microfiche.</marc:subfield></marc:datafield><marc:datafield tag="520" ind1=" " ind2=" "><marc:subfield code="a">Special edition of the Federal register, containing a codification of documents of general applicability and future effect as of ... with ancillaries.</marc:subfield></marc:datafield><marc:datafield tag="530" ind1=" " ind2=" "><marc:subfield code="a">Some editions also available via the Internet from the GPO Access web site. Address as of 8/25/98: http://www.access.gpo.gov/nara/cfr/index.html; current access is available via PURL.</marc:subfield></marc:datafield><marc:datafield tag="550" ind1=" " ind2=" "><marc:subfield code="a">Volumes for 1986- published by the Office of the Federal Register, National Archives and Records Administration.</marc:subfield></marc:datafield><marc:datafield tag="588" ind1=" " ind2=" "><marc:subfield code="a">Description based on: 1981.</marc:subfield></marc:datafield><marc:datafield tag="588" ind1=" " ind2=" "><marc:subfield code="a">Latest issue consulted: 2000.</marc:subfield></marc:datafield><marc:datafield tag="650" ind1=" " ind2="0"><marc:subfield code="a">Election law</marc:subfield><marc:subfield code="z">United States</marc:subfield><marc:subfield code="v">Periodicals.</marc:subfield></marc:datafield><marc:datafield tag="650" ind1=" " ind2="7"><marc:subfield code="a">Election law.</marc:subfield><marc:subfield code="2">fast</marc:subfield><marc:subfield code="0">(OCoLC)fst00904300</marc:subfield></marc:datafield><marc:datafield tag="651" ind1=" " ind2="7"><marc:subfield code="a">United States.</marc:subfield><marc:subfield code="2">fast</marc:subfield><marc:subfield code="0">(OCoLC)fst01204155</marc:subfield><marc:subfield code="1">https://id.oclc.org/worldcat/entity/E39PBJtxgQXMWqmjMjjwXRHgrq</marc:subfield></marc:datafield><marc:datafield tag="655" ind1=" " ind2="0"><marc:subfield code="a">Government publications</marc:subfield></marc:datafield><marc:datafield tag="655" ind1=" " ind2="7"><marc:subfield code="a">Periodicals.</marc:subfield><marc:subfield code="2">fast</marc:subfield><marc:subfield code="0">(OCoLC)fst01411641</marc:subfield></marc:datafield><marc:datafield tag="655" ind1=" " ind2="7"><marc:subfield code="a">Periodicals.</marc:subfield><marc:subfield code="2">lcgft</marc:subfield></marc:datafield><marc:datafield tag="710" ind1="1" ind2=" "><marc:subfield code="a">United States.</marc:subfield><marc:subfield code="b">Office of the Federal Register.</marc:subfield></marc:datafield><marc:datafield tag="776" ind1="0" ind2=" "><marc:subfield code="c">Microfiche</marc:subfield><marc:subfield code="d">Supt. of Docs., U.S.G.P.O.</marc:subfield><marc:subfield code="w">(DLC)  2009230048</marc:subfield><marc:subfield code="w">(OCoLC)39371682</marc:subfield></marc:datafield><marc:datafield tag="776" ind1="0" ind2="8"><marc:subfield code="i">Online version: United States. Federal Election Commission.</marc:subfield><marc:subfield code="t">Code of federal regulations. 11, Federal elections</marc:subfield><marc:subfield code="x">2378-0010</marc:subfield><marc:subfield code="w">(DLC)  2009230458</marc:subfield><marc:subfield code="w">(OCoLC)302348121</marc:subfield></marc:datafield><marc:datafield tag="776" ind1="0" ind2="8"><marc:subfield code="i">Online version:</marc:subfield><marc:subfield code="a">United States. Federal Election Commission.</marc:subfield><marc:subfield code="t">Code of federal regulations. 11, Federal elections</marc:subfield><marc:subfield code="w">(OCoLC)1370311658</marc:subfield></marc:datafield><marc:datafield tag="787" ind1="1" ind2=" "><marc:subfield code="t">Federal register</marc:subfield><marc:subfield code="x">0097-6326</marc:subfield><marc:subfield code="w">(DLC)   36026246</marc:subfield><marc:subfield code="w">(OCoLC)1768512</marc:subfield></marc:datafield><marc:datafield tag="856" ind1="4" ind2="1"><marc:subfield code="u">https://purl.fdlp.gov/GPO/LPS494</marc:subfield><marc:subfield code="7">0</marc:subfield></marc:datafield><marc:datafield tag="994" ind1=" " ind2=" "><marc:subfield code="a">C0</marc:subfield><marc:subfield code="b">GPO</marc:subfield></marc:datafield></marc:record>