
<marc:record><marc:leader>03459cas a2200649 a 4500</marc:leader>
<marc:controlfield tag="001">ocm07220398 </marc:controlfield>
<marc:controlfield tag="003">OCoLC</marc:controlfield><marc:controlfield tag="005">20231226083529.0</marc:controlfield><marc:controlfield tag="008">810312c19uu9999dcuar    l   f0    0eng c</marc:controlfield><marc:datafield tag="010" ind1=" " ind2=" "><marc:subfield code="a">sn 87042991 </marc:subfield></marc:datafield><marc:datafield tag="040" ind1=" " ind2=" "><marc:subfield code="a">ORN</marc:subfield><marc:subfield code="b">eng</marc:subfield><marc:subfield code="c">ORN</marc:subfield><marc:subfield code="d">GPO</marc:subfield><marc:subfield code="d">OCLCQ</marc:subfield><marc:subfield code="d">OCLCF</marc:subfield><marc:subfield code="d">GPO</marc:subfield><marc:subfield code="d">INR</marc:subfield><marc:subfield code="d">OCLCO</marc:subfield><marc:subfield code="d">LRP</marc:subfield><marc:subfield code="d">OCLCQ</marc:subfield><marc:subfield code="d">GILDS</marc:subfield><marc:subfield code="d">OCLCO</marc:subfield><marc:subfield code="d">ZQP</marc:subfield><marc:subfield code="d">ZAS</marc:subfield><marc:subfield code="d">OCLCO</marc:subfield><marc:subfield code="d">OCLCQ</marc:subfield><marc:subfield code="d">FUG</marc:subfield><marc:subfield code="d">OCLCQ</marc:subfield><marc:subfield code="d">GPO</marc:subfield><marc:subfield code="d">FVC</marc:subfield><marc:subfield code="d">OCLCL</marc:subfield></marc:datafield><marc:datafield tag="019" ind1=" " ind2=" "><marc:subfield code="a">811425831</marc:subfield><marc:subfield code="a">1084854704</marc:subfield></marc:datafield><marc:datafield tag="029" ind1="1" ind2=" "><marc:subfield code="a">AU@</marc:subfield><marc:subfield code="b">000004066696</marc:subfield></marc:datafield><marc:datafield tag="035" ind1=" " ind2=" "><marc:subfield code="a">(OCoLC)7220398</marc:subfield><marc:subfield code="z">(OCoLC)811425831</marc:subfield><marc:subfield code="z">(OCoLC)1084854704</marc:subfield></marc:datafield><marc:datafield tag="037" ind1=" " ind2=" "><marc:subfield code="a">869-068-00000-4</marc:subfield><marc:subfield code="b">Paper subscription available from: Supt. of Docs., P.O. Box 979050, St. Louis, MO 63197-9000</marc:subfield></marc:datafield><marc:datafield tag="037" ind1=" " ind2=" "><marc:subfield code="a">869-067-00000-8</marc:subfield><marc:subfield code="b">Microfiche subscription available from: Supt. of Docs., P.O. Box 979050, St. Louis, MO 63197-9000</marc:subfield></marc:datafield><marc:datafield tag="042" ind1=" " ind2=" "><marc:subfield code="a">pcc</marc:subfield></marc:datafield><marc:datafield tag="043" ind1=" " ind2=" "><marc:subfield code="a">n-us---</marc:subfield></marc:datafield><marc:datafield tag="050" ind1=" " ind2="4"><marc:subfield code="a">JK416</marc:subfield><marc:subfield code="b">.C6 Title 18</marc:subfield></marc:datafield><marc:datafield tag="074" ind1=" " ind2=" "><marc:subfield code="a">0572-B</marc:subfield></marc:datafield><marc:datafield tag="074" ind1=" " ind2=" "><marc:subfield code="a">0572-D-18</marc:subfield></marc:datafield><marc:datafield tag="086" ind1="0" ind2=" "><marc:subfield code="a">GS 4.108:18/</marc:subfield></marc:datafield><marc:datafield tag="086" ind1="0" ind2=" "><marc:subfield code="a">AE 2.106/3:18/</marc:subfield></marc:datafield><marc:datafield tag="049" ind1=" " ind2=" "><marc:subfield code="a">GPOO</marc:subfield></marc:datafield><marc:datafield tag="245" ind1="0" ind2="0"><marc:subfield code="a">Code of federal regulations.</marc:subfield><marc:subfield code="n">18,</marc:subfield><marc:subfield code="p">Conservation of power and water resources.</marc:subfield></marc:datafield><marc:datafield tag="246" ind1="1" ind2=" "><marc:subfield code="a">Conservation of power and water resources</marc:subfield></marc:datafield><marc:datafield tag="246" ind1="1" ind2=" "><marc:subfield code="i">Issues for 2011- have title:</marc:subfield><marc:subfield code="a">Code of federal regulations.</marc:subfield><marc:subfield code="n">Title 18,</marc:subfield><marc:subfield code="p">Conservation of power and water resources</marc:subfield></marc:datafield><marc:datafield tag="246" ind1="1" ind2=" "><marc:subfield code="a">CFR.</marc:subfield><marc:subfield code="n">18,</marc:subfield><marc:subfield code="p">Power and water resources</marc:subfield></marc:datafield><marc:datafield tag="264" ind1=" " ind2="1"><marc:subfield code="a">Washington, D.C. :</marc:subfield><marc:subfield code="b">Office of the Federal Register, National Archives and Records Service, General Services Administration :</marc:subfield><marc:subfield code="b">United States Government Printing Office</marc:subfield></marc:datafield><marc:datafield tag="300" ind1=" " ind2=" "><marc:subfield code="a">volumes ;</marc:subfield><marc:subfield code="c">24 cm</marc:subfield></marc:datafield><marc:datafield tag="310" ind1=" " ind2=" "><marc:subfield code="a">Annual</marc:subfield></marc:datafield><marc:datafield tag="336" ind1=" " ind2=" "><marc:subfield code="a">text</marc:subfield><marc:subfield code="b">txt</marc:subfield><marc:subfield code="2">rdacontent</marc:subfield></marc:datafield><marc:datafield tag="337" ind1=" " ind2=" "><marc:subfield code="a">unmediated</marc:subfield><marc:subfield code="b">n</marc:subfield><marc:subfield code="2">rdamedia</marc:subfield></marc:datafield><marc:datafield tag="338" ind1=" " ind2=" "><marc:subfield code="a">volume</marc:subfield><marc:subfield code="b">nc</marc:subfield><marc:subfield code="2">rdacarrier</marc:subfield></marc:datafield><marc:datafield tag="500" ind1=" " ind2=" "><marc:subfield code="a">Volumes for &lt;1984-&gt; distributed to some depository libraries in microfiche.</marc:subfield></marc:datafield><marc:datafield tag="515" ind1=" " ind2=" "><marc:subfield code="a">Volumes for &lt;1980-&gt; issued in parts.</marc:subfield></marc:datafield><marc:datafield tag="520" ind1=" " ind2=" "><marc:subfield code="a">Special edition of the Federal register, containing a codification of documents of general applicability and future effect as of ... with ancillaries.</marc:subfield></marc:datafield><marc:datafield tag="550" ind1=" " ind2=" "><marc:subfield code="a">Volumes for Apr. 1, 1985- published by the Office of the Federal Register, National Archives and Records Administration.</marc:subfield></marc:datafield><marc:datafield tag="588" ind1="0" ind2=" "><marc:subfield code="a">1980, pts. 150 to end.</marc:subfield></marc:datafield><marc:datafield tag="588" ind1="1" ind2=" "><marc:subfield code="a">2012, pts. 1 to end.</marc:subfield></marc:datafield><marc:datafield tag="650" ind1=" " ind2="0"><marc:subfield code="a">Conservation of natural resources</marc:subfield><marc:subfield code="z">United States</marc:subfield><marc:subfield code="v">Periodicals.</marc:subfield></marc:datafield><marc:datafield tag="650" ind1=" " ind2="0"><marc:subfield code="a">Power resources</marc:subfield><marc:subfield code="x">Law and legislation</marc:subfield><marc:subfield code="z">United States</marc:subfield><marc:subfield code="v">Periodicals.</marc:subfield></marc:datafield><marc:datafield tag="650" ind1=" " ind2="0"><marc:subfield code="a">Water resources development</marc:subfield><marc:subfield code="x">Law and legislation</marc:subfield><marc:subfield code="z">United States</marc:subfield><marc:subfield code="v">Periodicals.</marc:subfield></marc:datafield><marc:datafield tag="650" ind1=" " ind2="7"><marc:subfield code="a">Conservation of natural resources.</marc:subfield><marc:subfield code="2">fast</marc:subfield><marc:subfield code="0">(OCoLC)fst00875502</marc:subfield></marc:datafield><marc:datafield tag="650" ind1=" " ind2="7"><marc:subfield code="a">Power resources</marc:subfield><marc:subfield code="x">Law and legislation.</marc:subfield><marc:subfield code="2">fast</marc:subfield><marc:subfield code="0">(OCoLC)fst01074312</marc:subfield></marc:datafield><marc:datafield tag="650" ind1=" " ind2="7"><marc:subfield code="a">Water resources development</marc:subfield><marc:subfield code="x">Law and legislation.</marc:subfield><marc:subfield code="2">fast</marc:subfield><marc:subfield code="0">(OCoLC)fst01171999</marc:subfield></marc:datafield><marc:datafield tag="651" ind1=" " ind2="7"><marc:subfield code="a">United States.</marc:subfield><marc:subfield code="2">fast</marc:subfield><marc:subfield code="0">(OCoLC)fst01204155</marc:subfield><marc:subfield code="1">https://id.oclc.org/worldcat/entity/E39PBJtxgQXMWqmjMjjwXRHgrq</marc:subfield></marc:datafield><marc:datafield tag="655" ind1=" " ind2="0"><marc:subfield code="a">Government publications</marc:subfield></marc:datafield><marc:datafield tag="655" ind1=" " ind2="7"><marc:subfield code="a">Periodicals.</marc:subfield><marc:subfield code="2">fast</marc:subfield><marc:subfield code="0">(OCoLC)fst01411641</marc:subfield></marc:datafield><marc:datafield tag="655" ind1=" " ind2="7"><marc:subfield code="a">Web sites.</marc:subfield><marc:subfield code="2">gsafd</marc:subfield></marc:datafield><marc:datafield tag="655" ind1=" " ind2="7"><marc:subfield code="a">Periodicals.</marc:subfield><marc:subfield code="2">lcgft</marc:subfield></marc:datafield><marc:datafield tag="710" ind1="1" ind2=" "><marc:subfield code="a">United States.</marc:subfield><marc:subfield code="b">Office of the Federal Register.</marc:subfield></marc:datafield><marc:datafield tag="776" ind1="0" ind2="8"><marc:subfield code="i">Microfiche version:</marc:subfield><marc:subfield code="t">Code of federal regulations. 18, Conservation of power and water resources</marc:subfield><marc:subfield code="w">(DLC)  2009230916</marc:subfield><marc:subfield code="w">(OCoLC)39400457</marc:subfield></marc:datafield><marc:datafield tag="776" ind1="0" ind2="8"><marc:subfield code="i">Online version:</marc:subfield><marc:subfield code="t">Code of federal regulations. 18, Conservation of power and water resources</marc:subfield><marc:subfield code="x">1947-1874</marc:subfield><marc:subfield code="w">(DLC)  2009230686</marc:subfield><marc:subfield code="w">(OCoLC)316066547</marc:subfield></marc:datafield><marc:datafield tag="787" ind1="1" ind2=" "><marc:subfield code="t">Federal register</marc:subfield><marc:subfield code="x">0097-6326</marc:subfield><marc:subfield code="w">(DLC)   36026246</marc:subfield><marc:subfield code="w">(OCoLC)1768512</marc:subfield></marc:datafield><marc:datafield tag="856" ind1="4" ind2="1"><marc:subfield code="u">https://purl.fdlp.gov/GPO/LPS494</marc:subfield><marc:subfield code="7">0</marc:subfield></marc:datafield><marc:datafield tag="994" ind1=" " ind2=" "><marc:subfield code="a">C0</marc:subfield><marc:subfield code="b">GPO</marc:subfield></marc:datafield></marc:record>