
<marc:record><marc:leader>03376cas a2200697 a 4500</marc:leader>
<marc:controlfield tag="001">ocm05531338 </marc:controlfield>
<marc:controlfield tag="003">OCoLC</marc:controlfield><marc:controlfield tag="005">20231226083529.0</marc:controlfield><marc:controlfield tag="008">791017c19uu9999dcuar    l   f0    0eng c</marc:controlfield><marc:datafield tag="010" ind1=" " ind2=" "><marc:subfield code="a">sn 86047017 </marc:subfield></marc:datafield><marc:datafield tag="040" ind1=" " ind2=" "><marc:subfield code="a">NOH</marc:subfield><marc:subfield code="b">eng</marc:subfield><marc:subfield code="c">NOH</marc:subfield><marc:subfield code="d">GPO</marc:subfield><marc:subfield code="d">RCS</marc:subfield><marc:subfield code="d">GPO</marc:subfield><marc:subfield code="d">OCL</marc:subfield><marc:subfield code="d">GPO</marc:subfield><marc:subfield code="d">NST</marc:subfield><marc:subfield code="d">OCL</marc:subfield><marc:subfield code="d">GPO</marc:subfield><marc:subfield code="d">CLU</marc:subfield><marc:subfield code="d">NLM</marc:subfield><marc:subfield code="d">GPO</marc:subfield><marc:subfield code="d">OCLCQ</marc:subfield><marc:subfield code="d">GPO</marc:subfield><marc:subfield code="d">OCLCF</marc:subfield><marc:subfield code="d">INR</marc:subfield><marc:subfield code="d">OCLCO</marc:subfield><marc:subfield code="d">OCLCQ</marc:subfield><marc:subfield code="d">LRP</marc:subfield><marc:subfield code="d">OCLCO</marc:subfield><marc:subfield code="d">OCLCQ</marc:subfield><marc:subfield code="d">OCLCO</marc:subfield><marc:subfield code="d">OCLCA</marc:subfield><marc:subfield code="d">GILDS</marc:subfield><marc:subfield code="d">ZQP</marc:subfield><marc:subfield code="d">OCLCO</marc:subfield><marc:subfield code="d">OCLCQ</marc:subfield><marc:subfield code="d">OCLCO</marc:subfield><marc:subfield code="d">OCLCQ</marc:subfield><marc:subfield code="d">GPO</marc:subfield><marc:subfield code="d">OCLCL</marc:subfield></marc:datafield><marc:datafield tag="012" ind1=" " ind2=" "><marc:subfield code="b">3</marc:subfield><marc:subfield code="i">8812</marc:subfield></marc:datafield><marc:datafield tag="016" ind1="7" ind2=" "><marc:subfield code="a">7902011</marc:subfield><marc:subfield code="2">DNLM</marc:subfield></marc:datafield><marc:datafield tag="016" ind1="7" ind2=" "><marc:subfield code="a">C28235000</marc:subfield><marc:subfield code="z">F03610000</marc:subfield><marc:subfield code="z">P56870000</marc:subfield><marc:subfield code="2">DNLM</marc:subfield></marc:datafield><marc:datafield tag="019" ind1=" " ind2=" "><marc:subfield code="a">8696064</marc:subfield><marc:subfield code="a">11957527</marc:subfield><marc:subfield code="a">980143759</marc:subfield><marc:subfield code="a">1011785464</marc:subfield></marc:datafield><marc:datafield tag="029" ind1="1" ind2=" "><marc:subfield code="a">AU@</marc:subfield><marc:subfield code="b">000005347153</marc:subfield></marc:datafield><marc:datafield tag="029" ind1="1" ind2=" "><marc:subfield code="a">NLM</marc:subfield><marc:subfield code="b">7902011</marc:subfield></marc:datafield><marc:datafield tag="035" ind1=" " ind2=" "><marc:subfield code="a">(OCoLC)5531338</marc:subfield><marc:subfield code="z">(OCoLC)8696064</marc:subfield><marc:subfield code="z">(OCoLC)11957527</marc:subfield><marc:subfield code="z">(OCoLC)980143759</marc:subfield><marc:subfield code="z">(OCoLC)1011785464</marc:subfield></marc:datafield><marc:datafield tag="037" ind1=" " ind2=" "><marc:subfield code="a">869-068-00000-4</marc:subfield><marc:subfield code="b">Paper subscription available from: Supt. of Docs., P.O. Box 979050, St. Louis, MO 63197-9000</marc:subfield></marc:datafield><marc:datafield tag="037" ind1=" " ind2=" "><marc:subfield code="a">869-067-00000-8</marc:subfield><marc:subfield code="b">Microfiche subscription available from: Supt. of Docs., P.O. Box 979050, St. Louis, MO 63197-9000</marc:subfield></marc:datafield><marc:datafield tag="042" ind1=" " ind2=" "><marc:subfield code="a">pcc</marc:subfield></marc:datafield><marc:datafield tag="043" ind1=" " ind2=" "><marc:subfield code="a">n-us---</marc:subfield></marc:datafield><marc:datafield tag="050" ind1=" " ind2="4"><marc:subfield code="a">KF70</marc:subfield><marc:subfield code="b">.A3 no. 42</marc:subfield></marc:datafield><marc:datafield tag="060" ind1="1" ind2="0"><marc:subfield code="a">KF 70.A3</marc:subfield><marc:subfield code="b">C669</marc:subfield></marc:datafield><marc:datafield tag="074" ind1=" " ind2=" "><marc:subfield code="a">0572-B</marc:subfield></marc:datafield><marc:datafield tag="074" ind1=" " ind2=" "><marc:subfield code="a">0572-D-42</marc:subfield></marc:datafield><marc:datafield tag="086" ind1="0" ind2=" "><marc:subfield code="a">GS 4.108:42/</marc:subfield></marc:datafield><marc:datafield tag="086" ind1="0" ind2=" "><marc:subfield code="a">AE 2.106/3:42/</marc:subfield></marc:datafield><marc:datafield tag="049" ind1=" " ind2=" "><marc:subfield code="a">GPOO</marc:subfield></marc:datafield><marc:datafield tag="245" ind1="0" ind2="0"><marc:subfield code="a">Code of federal regulations.</marc:subfield><marc:subfield code="n">42,</marc:subfield><marc:subfield code="p">Public health.</marc:subfield></marc:datafield><marc:datafield tag="246" ind1="3" ind2="0"><marc:subfield code="a">Public health</marc:subfield></marc:datafield><marc:datafield tag="246" ind1="1" ind2=" "><marc:subfield code="i">Issues for 2011- have title:</marc:subfield><marc:subfield code="a">Code of federal regulations.</marc:subfield><marc:subfield code="n">Title 42,</marc:subfield><marc:subfield code="p">Public health</marc:subfield></marc:datafield><marc:datafield tag="246" ind1="1" ind2="8"><marc:subfield code="a">CFR.</marc:subfield><marc:subfield code="n">42,</marc:subfield><marc:subfield code="p">Public health</marc:subfield></marc:datafield><marc:datafield tag="260" ind1=" " ind2=" "><marc:subfield code="a">Washington :</marc:subfield><marc:subfield code="b">Office of the Federal Register, National Archives and Records Service, General Services Administration :</marc:subfield><marc:subfield code="b">For sale by the Supt. of Docs., U.S. G.P.O.</marc:subfield></marc:datafield><marc:datafield tag="300" ind1=" " ind2=" "><marc:subfield code="a">volumes ;</marc:subfield><marc:subfield code="c">24 cm</marc:subfield></marc:datafield><marc:datafield tag="310" ind1=" " ind2=" "><marc:subfield code="a">Annual</marc:subfield></marc:datafield><marc:datafield tag="336" ind1=" " ind2=" "><marc:subfield code="a">text</marc:subfield><marc:subfield code="b">txt</marc:subfield><marc:subfield code="2">rdacontent</marc:subfield></marc:datafield><marc:datafield tag="337" ind1=" " ind2=" "><marc:subfield code="a">unmediated</marc:subfield><marc:subfield code="b">n</marc:subfield><marc:subfield code="2">rdamedia</marc:subfield></marc:datafield><marc:datafield tag="338" ind1=" " ind2=" "><marc:subfield code="a">volume</marc:subfield><marc:subfield code="b">nc</marc:subfield><marc:subfield code="2">rdacarrier</marc:subfield></marc:datafield><marc:datafield tag="515" ind1=" " ind2=" "><marc:subfield code="a">Volumes for &lt;1980-&gt; issued in parts.</marc:subfield></marc:datafield><marc:datafield tag="520" ind1=" " ind2=" "><marc:subfield code="a">Special edition of the Federal register, containing a codification of documents of general applicability and future effect as of ... with ancillaries.</marc:subfield></marc:datafield><marc:datafield tag="530" ind1=" " ind2=" "><marc:subfield code="a">Volumes for &lt;1988-&gt; distributed to some depository libraries on microfiche.</marc:subfield></marc:datafield><marc:datafield tag="550" ind1=" " ind2=" "><marc:subfield code="a">Volumes for 1985- published by the Office of the Federal Register, National Archives and Records Administration.</marc:subfield></marc:datafield><marc:datafield tag="588" ind1=" " ind2=" "><marc:subfield code="a">Description based on: 1980, pts. 1 to 399.</marc:subfield></marc:datafield><marc:datafield tag="588" ind1=" " ind2=" "><marc:subfield code="a">Latest issue consulted: 2011, pts. 1 to end.</marc:subfield></marc:datafield><marc:datafield tag="650" ind1=" " ind2="0"><marc:subfield code="a">Public health laws</marc:subfield><marc:subfield code="z">United States</marc:subfield><marc:subfield code="v">Periodicals.</marc:subfield></marc:datafield><marc:datafield tag="650" ind1=" " ind2="2"><marc:subfield code="a">Public Health.</marc:subfield><marc:subfield code="0">(DNLM)D011634</marc:subfield></marc:datafield><marc:datafield tag="651" ind1=" " ind2="2"><marc:subfield code="a">United States.</marc:subfield><marc:subfield code="0">(DNLM)D014481</marc:subfield></marc:datafield><marc:datafield tag="650" ind1=" " ind2="7"><marc:subfield code="a">Public health laws.</marc:subfield><marc:subfield code="2">fast</marc:subfield><marc:subfield code="0">(OCoLC)fst01082364</marc:subfield></marc:datafield><marc:datafield tag="651" ind1=" " ind2="7"><marc:subfield code="a">United States.</marc:subfield><marc:subfield code="2">fast</marc:subfield><marc:subfield code="0">(OCoLC)fst01204155</marc:subfield><marc:subfield code="1">https://id.oclc.org/worldcat/entity/E39PBJtxgQXMWqmjMjjwXRHgrq</marc:subfield></marc:datafield><marc:datafield tag="655" ind1=" " ind2="0"><marc:subfield code="a">Government publications</marc:subfield></marc:datafield><marc:datafield tag="655" ind1=" " ind2="2"><marc:subfield code="a">Legislation.</marc:subfield><marc:subfield code="0">(DNLM)D020485</marc:subfield></marc:datafield><marc:datafield tag="655" ind1=" " ind2="7"><marc:subfield code="a">Periodicals.</marc:subfield><marc:subfield code="2">fast</marc:subfield><marc:subfield code="0">(OCoLC)fst01411641</marc:subfield></marc:datafield><marc:datafield tag="655" ind1=" " ind2="7"><marc:subfield code="a">Periodicals.</marc:subfield><marc:subfield code="2">lcgft</marc:subfield></marc:datafield><marc:datafield tag="710" ind1="1" ind2=" "><marc:subfield code="a">United States.</marc:subfield><marc:subfield code="b">Office of the Federal Register.</marc:subfield></marc:datafield><marc:datafield tag="776" ind1="0" ind2="8"><marc:subfield code="i">Microfiche version:</marc:subfield><marc:subfield code="t">Code of federal regulations. 42, Public health</marc:subfield><marc:subfield code="w">(DLC)  2009023020</marc:subfield><marc:subfield code="w">(OCoLC)48853500</marc:subfield></marc:datafield><marc:datafield tag="776" ind1="0" ind2="8"><marc:subfield code="i">Online version:</marc:subfield><marc:subfield code="t">Code of federal regulations. Title 42, Public health</marc:subfield><marc:subfield code="x">1948-6685</marc:subfield><marc:subfield code="w">(DLC)  2009230483</marc:subfield><marc:subfield code="w">(OCoLC)310356462</marc:subfield></marc:datafield><marc:datafield tag="787" ind1="1" ind2=" "><marc:subfield code="t">Federal register</marc:subfield><marc:subfield code="x">0097-6326</marc:subfield><marc:subfield code="w">(DLC)   36026246</marc:subfield><marc:subfield code="w">(OCoLC)1768512</marc:subfield></marc:datafield><marc:datafield tag="850" ind1=" " ind2=" "><marc:subfield code="a">CU</marc:subfield><marc:subfield code="a">MBU-M</marc:subfield></marc:datafield><marc:datafield tag="856" ind1="4" ind2="1"><marc:subfield code="u">https://purl.fdlp.gov/GPO/LPS494</marc:subfield><marc:subfield code="7">0</marc:subfield></marc:datafield><marc:datafield tag="994" ind1=" " ind2=" "><marc:subfield code="a">C0</marc:subfield><marc:subfield code="b">GPO</marc:subfield></marc:datafield></marc:record>